@misc{csrankings,
  author = {{Emergy Berger}},
  title = {{CSRankings.org}},
  year = 2023,
  note = {\url{https://csrankings.org}, last accessed \today{}}
}

@misc{blattman2022writing,
  author = {{Chris Blattman}},
  title = {{Writing your statement of purpose}},
  year = 2023,
  note = {\url{https://chrisblattman.com/blog/2022/01/11/phd-applicants-writing-your-statement-of-purpose/}, last accessed \today{}}
}
